@Electronic{mhsalud,
  address  = {PO Box: 86-3000, Heredia, Costa Rica, Benjamín Núñez Campus},
  author   = {Revista MHSalud, Universidad Nacional (e-issn: 1659-097X)},
  language = {es},
  title    = {Normas de Colaboración},
  url      = {https://www.revistas.una.ac.cr/index.php/mhsalud},
}
@Electronic{nature,
  author       = {Nature (Nature)},
  howpublished = {2022},
  language     = {en},
  organization = {Nature (Nature)},
  title        = {Formatting guide},
  url          = {https://www.nature.com/nature/for-authors/formatting-guide},
  year         = {2022},
}
@Electronic{PNAS,
  author       = {PNAS},
  howpublished = {2022},
  language     = {en},
  organization = {PNAS},
  title        = {Submitting Your Manuscript},
  url          = {https://www.pnas.org/authors/submitting-your-manuscript},
  year         = {2022},
}
@Electronic{scielo,
  address      = {Ciudad Universitaria, Del. Coyoacán },
  author       = {UNAM},
  howpublished = {2007},
  language     = {español},
  organization = {UNAM},
  title        = {Guía para autores},
  url          = {http://www.scielo.org.mx/revistas/iit/einstruc.htm},
  year         = {2007},
}
@article{international2006uniform,
  title={Uniform requirements for manuscripts submitted to biomedical journals: Writing and editing for biomedical publication International Committee of Medical Journal Editors Updated October 2005 (www. icmje. org)},
  author={International Committee of Medical Journal Editors and others},
  journal={Indian Journal of Pharmacology},
  volume={38},
  number={2},
  pages={149},
  year={2006},
  publisher={Medknow Publications}
}

