@Electronic{york,
  author       = {York St John University,},
  title        = {Examples of research proposals},
  url          = {https://www.yorksj.ac.uk/study/research/apply/examples-of-research-proposals/},
  language     = {English},
  organization = {York St John University,},
  howpublished = {2021},
  year         = {2021},
}

@article{wong2016write,
  title={How to write a research proposal},
  author={Wong, Paul TP and Psych, C},
  journal={Langley: Trinity Western University Langley. Retrieved},
  volume={26},
  year={2016}
}

@article{sudheesh2016write,
  title={How to write a research proposal?},
  author={Sudheesh, K and Duggappa, Devika Rani and Nethra, SS},
  journal={Indian journal of anaesthesia},
  volume={60},
  number={9},
  pages={631},
  year={2016},                  
  publisher={Wolters Kluwer--Medknow Publications}
}

@article{nte2006research,
  title={Research proposal writing: Breaking the myth},
  author={Nte, AR and Awi, DD},
  journal={Nigerian Journal of Medicine},
  volume={15},
  number={4},
  pages={373--381},
  year={2006}
}

@article{iqbal2007learning,
  title={Learning from a Doctoral Research Project: Structure and Content of a Research Proposal.},
  author={Iqbal, Javed},
  journal={Electronic Journal of Business Research Methods},
  volume={5},
  number={1},
  year={2007}
}

@Article{Elvesier.com,
  author       = {Elvesier.com},
  date         = {[Consultado el 2 de marzo de 2022].},
  journaltitle = {Autor information pack},
  title        = {Pattern Recognition},
  issn         = {0031-3203},
  url          = {https://www.elsevier.com/journals/pattern-recognition/0031-3203/guide-for-authors},
}

@Comment{jabref-meta: databaseType:biblatex;}
