@Electronic{,
  author       = {York St John University,},
  howpublished = {2021},
  language     = {English},
  organization = {York St John University,},
  title        = {Examples of research proposals},
  url          = {https://www.yorksj.ac.uk/study/research/apply/examples-of-research-proposals/},
  year         = {2021},
}

@Article{abdulai2014essential,
  author    = {Abdulai, Raymond Talinbe and Owusu-Ansah, Anthony},
  journal   = {Sage Open},
  title     = {Essential ingredients of a good research proposal for undergraduate and postgraduate students in the social sciences},
  year      = {2014},
  number    = {3},
  pages     = {2158244014548178},
  volume    = {4},
  publisher = {SAGE Publications Sage CA: Los Angeles, CA},
}

@Comment{jabref-meta: databaseType:bibtex;}
