@book{Baz,
  author    = {Bazaraa, M.S. and J.J. Jarvis and H.D. Sherali},
  year      = 2004,
  title     = {Programación lineal y flujo en redes},
  edition   = 2,
  publisher = {Limusa},
  adress    = {México, DF}
}
@article{Dan,
  author  = {Dantzig, G.B. and P. Wolfe},
  year    = 1960,
  title   = {Decomposition principle for linear programs},
  journal = {Operations Research},
  volume  = 8,
  pages   = {101--111}
}
@article{conceptuales,
 author = {Conceptuales, M.},
 title = {Muestreo y Diseño de Experimentos: Aspectos conceptuales},
 journal = {},
 year = {2022},
 OPTkey = {conceptuales},
 OPTvolume = {},
 OPTnumber = {},
 OPTpages = {},
 OPTmonth = {},
 OPTnote = {Consultado el 24 de marzo de 2022},
 OPTannote = {en línea},
 OPTurl = {https://www.phytoma.com/la-revista/phytohemeroteca/164-diciembre-2004/muestreo-y-diseo-de-experimentos-aspectos-conceptuales},
 OPTurldate = {},
 OPTlastchecked = {},
 OPTdoi = {},
 OPTisbn = {},
 OPTissn = {},
 OPTlocalfile = {},
 OPTabstract = {},
 OPTkeywords = {},
}
